@Article{chen2017cascaded,
  title={Cascaded pyramid network for multi-person pose estimation},
  author={Chen, Yilun and Wang, Zhicheng and Peng, Yuxiang and Zhang, Zhiqiang and Yu, Gang and Sun, Jian},
  journal={arXiv preprint arXiv:1711.07319},
  year={2017}
}

@Article{peng2018megdet,
  title={Megdet: A large mini-batch object detector},
  author={Peng, Chao and Xiao, Tete and Li, Zeming and Jiang, Yuning and Zhang, Xiangyu and Jia, Kai and Yu, Gang and Sun, Jian},
  booktitle={Proceedings of the IEEE Conference on Computer Vision and Pattern Recognition},
  pages={6181--6189},
  year={2018}
}

@inproceedings{yang2010recognizing,
  title={Recognizing human actions from still images with latent poses},
  author={Yang, Weilong and Wang, Yang and Mori, Greg},
  booktitle={Computer Vision and Pattern Recognition (CVPR), 2010 IEEE Conference on},
  pages={2030--2037},
  year={2010},
  organization={IEEE}
}

@inproceedings{wang2013approach,
  title={An approach to pose-based action recognition},
  author={Wang, Chunyu and Wang, Yizhou and Yuille, Alan L},
  booktitle={Proceedings of the IEEE Conference on Computer Vision and Pattern Recognition},
  pages={915--922},
  year={2013}
}

@Article{zheng2017pose,
  title={Pose invariant embedding for deep person re-identification},
  author={Zheng, Liang and Huang, Yujia and Lu, Huchuan and Yang, Yi},
  journal={arXiv preprint arXiv:1701.07732},
  year={2017}
}
